34100000         201001001000113                    01234 000000012345 6AAACNPJ TESTE Razao Social    BANCO ITAU SA                           10405201815561100002809000000                                                      000            
34100011R0100047 2001001001000113                    01234 000000012345 6AAACNPJ TESTE Razao Social                                                                                    000000280405201804052018                                 
3410001300001P 0101234 000000012345 6109000015216        0112200015          1905201800000000000100000000007N04052018300000000000000000000000000000000000000000000000000000000000000000000000000000                         3002   000000000000 
3410001300002Q 012001001001000113SACADO DE TESTE                         AV. BRASIL, 716                         Jd Washington  87020025Maringa        PR0000000000000000                                        000                            
3410001300003R 01000000000000000000000000000000000000000000000000000000000000000000000000          Mensagem linha 3                                                                                    0000000000000000 000000000000  0         
34100015         00000500000000000000000000000000000000000000000000000000000000000000000000000000000000000000000000                                                                                                                             
34199999         000001000007000000                                                                                                                                                                                                             
