01REMESSA01COBRANCA       1627101001001000113                               748SICREDI        20180403        0000004                                                                                                                                                                                                                                                                                 2.00000001
1AAA            AAA                            172014530      20170430 N B        00000000000000            011         3004170000000001000         AN120417000000000000005961404170000000001000000000000000000000000000002001001001000113SACADO DE TESTE                         Avenida Visconde de Itauna, 328, Loja B 00000000000 2521441500000                                                       000002
2           172014530Nao receber apos o vencimento.                                                  Teste mensagem 02                                                               Se o boleto for pago ate 14/04/2017, tera um desconto de 50,00                                                                                                  1                                                    000003
9174816271                                                                                                                                                                                                                                                                                                                                                                                                000004
