01REMESSA01COBRANCA       6734801001001000113                               748SICREDI        20180402        0000039                                                                                                                                                                                                                                                                                 2.00000001
1AAA            AAA                            172019242      20170530 N B        00000000000000            0100015     3005170000000001000         HN100117000000000000000000000000000000000000000000000000000000000000002001001001000113SACADO DE TESTE                         AV. BRASIL, 716                         00000000000 8702002500000                                                       000002
2           172019242Mensagem linha 1                                                                Mensagem linha 2                                                                Mensagem linha 3                                                                                                                                                00015                                                000003
9174867348                                                                                                                                                                                                                                                                                                                                                                                                000004
