02RETORNO01COBRANCA       6734800336910000140                               748BANSICREDI     20180219        0000276                                                                                                                                                                                                                                                                                 1.00000001
1            A32QBU034332                      182019245                                                    06160218004377502 COMPE               2202180000000023240         A000000000000000000000000000000000000000000000000000000000000000000000000000000000000002324000000000000000000000000000                          H50000000020180219                                                          000003
9274867348                                                                                                                                                                                                                                                                                                                                                                                                000007
