34100000         201001001000113123451              01234 000000012345 6CNPJ TESTE Razao Social       BANCO ITAU SA                           12703201800000000000109001600                                                                     
34100011R01  047 2001001001000113123451              01234 000000012345 6CNPJ TESTE Razao Social       Juros de 0,01 ao dia                    Nao receber apos 30 dias de atraso      000000012703201800000000                                 
3410001300001P 0101234 000000012345 6109000025744        111222              2705201800000000000100000000 02N27032018300000000000000000000001005012020000000000000000000000000000000000000000000000                         3302   090000000000 
3410001300002Q 012001001001000113SACADO DE TESTE                         Rua teste, 987, 987, Fundos             Centro         87098765Maringa        PR0000000000000000                                        000                            
3410001300003R 01000000000000000000000000000000000000000000000000000000000000000000000000          Titulo sujeito a protesto apos 30 dias                                                              0000000000000000 000000000000  0         
34100015         00000500000000000000000000000000000000000000000000000000000000000000000000000000000000000000000000                                                                                                                             
34199999         000001000007000000                                                                                                                                                                                                             
