34100000         201001001000113123451              01234 000000012345 6CNPJ TESTE                    BANCO ITAU SA                           12704201700000000000209001600                                                                     
34100011R01  047 2001001001000113123451              01234 000000012345 6CNPJ TESTE                    Juros de 0,01 ao dia                    Nao receber apos 30 dias de atraso      000000022704201700000000                                 
3410001300001P 0101234 000000012345 6109000001778        111221              2706201700000000000000200000 02N27042017300000000000000000000001005012020000000000000000000000000000000000000000000000                         3302   090000000000 
3410001300002Q 011000028436161661Teste de Souza                          Rua teste, 987, 987, Fundos             Centro         87098765Maringa        PR0000000000000000                                        000                            
3410001300003R 01000000000000000000000000000000000000000000000000000000000000000000000000                                                                                                              0000000000000000 000000000000  0         
34100015         00000500000000000000000000000000000000000000000000000000000000000000000000000000000000000000000000                                                                                                                             
34199999         000001000007000000                                                                                                                                                                                                             
