00100000         2222222222222228888888888888       1111123333333333333 TESTE                         BANCO DO BRASIL                         20605201908888800000103000000                                                                     
00100011R01  020 20222222222222228888888888888       1111123333333333333 TESTE                                                                                                         000000000605201900000000                                 
0010001300001P 011111130000000022222 33333333333333333   11122NF12345        1112201900000000002935000000 02N07122019212122019000000000000500000000000000000000000000000000000000000000000000000000                         3002000090000000000 
0010001300002Q 012555555555555555TESTE                                                                           TESTE          11111111TESTE          PR0000000000000000                                        000                            
0010001300003R 01000000000000000000000000000000000000000000000000212122019000000000000200          Apos o vencimento Juros de 5%                                                                        0000000000000000 000000000000  2        
00100015         00000800000200000000000049400000000000000000000000000000000000000000000000000000000000000000000000                                                                                                                             
00199999         000001000010000000                                                                                                                                                                                                             
