00100000         2222222222222228888888888888       1111123333333333333 TESTE                         BANCO DO BRASIL                         20605201908888800000103000000333333333PROCESSAMEN                                                 
00100011T0100020 20222222222222228888888888888       1111123333333333333 TESTE                                                                                                         000000000605201900000000  000000000                      
0010001300001T 061111163333333333333 77777770000001111   7ABC111         01052019000000000037000001333333                         0900000000000010000000000000000000000000000000000000000   000000000000000000000000000        170197777777     
0010001300002U 060000000000002300000000000000000000000000000000000000000000000000000000355490000000000355490000000000000000000000000000000612201908122019            000000000000000                              000                           
00100015         000008000069000000000099999990000000000000000000000000000000000000000000000000000000000000000000000000000000000000000000000000000                                                                                              
00199999         000001000010000000                                                                                                                                                            00000000000000000000000000000                    
